@article{PhysRevB.78.104104,
  title = {Fast molecular-dynamics simulation for ferroelectric thin-film capacitors using a first-principles effective Hamiltonian},
  author = {Nishimatsu, Takeshi and Waghmare, Umesh V. and Kawazoe, Yoshiyuki and Vanderbilt, David},
  journal = {Phys. Rev. B},
  volume = {78},
  issue = {10},
  pages = {104104},
  numpages = {11},
  year = {2008},
  month = {Sep},
  publisher = {American Physical Society},
  doi = {10.1103/PhysRevB.78.104104},
  url = {https://link.aps.org/doi/10.1103/PhysRevB.78.104104}
}

@article{PhysRevLett.99.077601,
  title = {Ferroelectric Phase Transitions in Ultrathin Films of ${\mathrm{BaTiO}}_{3}$},
  author = {Paul, Jaita and Nishimatsu, Takeshi and Kawazoe, Yoshiyuki and Waghmare, Umesh V.},
  journal = {Phys. Rev. Lett.},
  volume = {99},
  issue = {7},
  pages = {077601},
  numpages = {4},
  year = {2007},
  month = {Aug},
  publisher = {American Physical Society},
  doi = {10.1103/PhysRevLett.99.077601},
  url = {https://link.aps.org/doi/10.1103/PhysRevLett.99.077601}
}

@article{PhysRevB.82.134106_original,
  title = {First-Principles Accurate Total Energy Surfaces for Polar Structural Distortions of \$\{\textbackslash text\{\vphantom{\}\}}{{BaTiO}}\vphantom\{\}\vphantom\{\}\_\{3\}\$, \$\{\textbackslash text\{\vphantom{\}\}}{{PbTiO}}\vphantom\{\}\vphantom\{\}\_\{3\}\$, and \$\{\textbackslash text\{\vphantom{\}\}}{{SrTiO}}\vphantom\{\}\vphantom\{\}\_\{3\}\$: {{Consequences}} for Structural Transition Temperatures},
  shorttitle = {First-Principles Accurate Total Energy Surfaces for Polar Structural Distortions of \$\{\textbackslash text\{\vphantom{\}\}}{{BaTiO}}\vphantom\{\}\vphantom\{\}\_\{3\}\$, \$\{\textbackslash text\{\vphantom{\}\}}{{PbTiO}}\vphantom\{\}\vphantom\{\}\_\{3\}\$, and \$\{\textbackslash text\{\vphantom{\}\}}{{SrTiO}}\vphantom\{\}\vphantom\{\}\_\{3\}\$},
  author = {Nishimatsu, Takeshi and Iwamoto, Masaya and Kawazoe, Yoshiyuki and Waghmare, Umesh V.},
  date = {2010-10-06},
  journaltitle = {Phys. Rev. B},
  volume = {82},
  number = {13},
  pages = {134106},
  publisher = {{American Physical Society}},
  doi = {10.1103/PhysRevB.82.134106},
  url = {https://link.aps.org/doi/10.1103/PhysRevB.82.134106}
  }
  
  @article{PhysRevB.82.134106_modified,
  title = {First-Principles Accurate Total Energy Surfaces for Polar Structural Distortions of {{BaTiO}}{\textsubscript{3}}, {{PbTiO}}{\textsubscript{3}}, and {{SrTiO}}{\textsubscript{3}}: {{Consequences}} for Structural Transition Temperatures},
  shorttitle = {First-Principles Accurate Total Energy Surfaces for Polar Structural Distortions of {{BaTiO}}{\textsubscript{3}}, {{PbTiO}}{\textsubscript{3}}, and {{SrTiO}}{\textsubscript{3}}: {{Consequences}} for Structural Transition Temperatures},
  author = {Nishimatsu, Takeshi and Iwamoto, Masaya and Kawazoe, Yoshiyuki and Waghmare, Umesh V.},
  date = {2010-10-06},
  journaltitle = {Phys. Rev. B},
  volume = {82},
  number = {13},
  pages = {134106},
  publisher = {{American Physical Society}},
  doi = {10.1103/PhysRevB.82.134106},
  url = {https://link.aps.org/doi/10.1103/PhysRevB.82.134106}
  }